<?xml version="1.0" encoding="UTF-8"?><collection xmlns="http://www.loc.gov/MARC21/slim"><record><leader>00304nam--2200121-i-4500</leader><controlfield tag="001">000007317</controlfield><controlfield tag="002">20161230</controlfield><controlfield tag="005">20161230201027</controlfield><controlfield tag="008">060222s1000------------r-----000-0-eng-d</controlfield><datafield ind1=" " ind2=" " tag="100"><subfield code="a">Cutler, Phillip</subfield></datafield><datafield ind1=" " ind2=" " tag="245"><subfield code="a">Semiconductor circuit analysis</subfield></datafield><datafield ind1=" " ind2=" " tag="260"><subfield code="a">New York, Mcgraw-hill Book Co., 1964</subfield></datafield><datafield ind1=" " ind2=" " tag="490"><subfield code="a">X+642p</subfield></datafield></record></collection>